%% This BibTeX bibliography file was created using BibDesk.
%% http://bibdesk.sourceforge.net/


%% Created for Philip Erickson at 2015-11-14 12:32:36 -0600 


%% Saved with string encoding Unicode (UTF-8) 



@article{PakesOstBerry,
	Author = {Ariel Pakes and Michael Ostrovsky and Steven Berry},
	Date-Added = {2015-11-14 18:30:43 +0000},
	Date-Modified = {2015-11-14 18:32:36 +0000},
	Journal = {RAND Journal of Economics},
	Month = {Summer},
	Number = {2},
	Pages = {373-399},
	Title = {Simple Estimators for the Parameters of Discrete Dynamic Games (With Entry/Exit Examples)},
	Volume = {38},
	Year = {2007}}

@article{AgMira,
	Author = {Victor Aguirregabiria and Pedro Mira},
	Date-Added = {2015-11-14 18:28:32 +0000},
	Date-Modified = {2015-11-14 18:29:46 +0000},
	Journal = {Econometrica},
	Month = {January},
	Number = {1},
	Pages = {1-53},
	Title = {Sequential Estimation of Dynamic Discrete Games},
	Volume = {75},
	Year = {2007}}

@article{HotzMiller,
	Author = {V. Joseph Hotz and Robert A. Miller},
	Date-Added = {2015-11-14 18:22:58 +0000},
	Date-Modified = {2015-11-14 18:24:06 +0000},
	Journal = {The Review of Economic Studies},
	Month = {July},
	Number = {3},
	Pages = {497-529},
	Title = {Conditional Choice Probabilities and the Estimation of Dynamic Models},
	Volume = {60},
	Year = {1993}}

@misc{abaeoy,
	Author = {LSAC},
	Date-Added = {2015-11-10 20:17:05 +0000},
	Date-Modified = {2015-11-10 20:18:18 +0000},
	Howpublished = {\url{http://www.lsac.org/lsacresources/data/lsac-volume-summary}},
	Month = {November},
	Title = {End-of-Year Summary},
	Year = {2014}}

@article{nyt_debt_crisis,
	Author = {NYT},
	Date-Added = {2015-10-29 16:51:37 +0000},
	Date-Modified = {2015-11-13 18:46:34 +0000},
	Journal = {New York Times},
	Month = {October},
	Title = {The Law School Debt Crisis},
	Year = {2015}}

@book{esl,
	Author = {Trevor Hastie and Robert Tibshirani and Jerome Friedman},
	Date-Added = {2015-10-21 04:56:27 +0000},
	Date-Modified = {2015-10-21 04:59:36 +0000},
	Edition = {2},
	Month = {February},
	Publisher = {Springer-Verlag},
	Title = {The Elements of Statistical Learning},
	Year = {2009}}

@misc{lsn,
	Author = {LawSchoolNumbers},
	Date-Added = {2015-10-20 21:37:27 +0000},
	Date-Modified = {2015-11-13 18:31:41 +0000},
	Howpublished = {\url{http://lawschoolnumbers.com}},
	Title = {J.D. Profiles},
	Year = {2015}}

@misc{CollegeBoard,
	Author = {CollegeBoard},
	Date-Added = {2015-03-06 21:28:42 +0000},
	Date-Modified = {2015-11-13 18:13:24 +0000},
	Howpublished = {\url{http://trends.collegeboard.org/college-pricing/figures-tables/average-rates-growth-published-charges-decade}},
	Title = {Aaverage Rates of Growth of Published Charges by Decade},
	Year = {2015}}

@article{JinLeslie,
	Author = {Ginger Zhe Jin and Phillip Leslie},
	Date-Added = {2015-02-13 18:03:35 +0000},
	Date-Modified = {2015-02-13 18:05:18 +0000},
	Journal = {The Quarterly Journal of Economics},
	Number = {2},
	Pages = {409-451},
	Title = {The Effect of Information on Product Quality: Evidence from Restaurant Hygiene Grade Cards},
	Volume = {118},
	Year = {2003}}

@misc{abovethelaw,
	Author = {Kashmir Hill},
	Date-Added = {2015-02-13 17:02:48 +0000},
	Date-Modified = {2015-02-13 17:08:36 +0000},
	Howpublished = {\url{http://abovethelaw.com/2010/05/the-tier-system-within-the-law-school-tiers-according-to-shell-oil/}},
	Lastchecked = {February 13, 2015},
	Month = {May},
	Title = {The Tier System Within The Law School Tiers (According to Shell Oil)},
	Year = {2010}}

@article{OyerSchaefer09,
	Author = {Paul Oyer and Scott Schaefer},
	Date-Added = {2015-02-12 21:59:55 +0000},
	Date-Modified = {2015-02-13 17:27:50 +0000},
	Journal = {Mimeo},
	Title = {The Returns to Attending a Prestigious Law School},
	Year = {2009}}

@article{OyerSchaefer10,
	Author = {Paul Oyer and Scott Schaefer},
	Date-Added = {2015-02-12 21:57:37 +0000},
	Date-Modified = {2015-02-13 17:27:58 +0000},
	Journal = {Mimeo},
	Title = {American BigLaw Lawyers and the Schools that Produce Them: A Profile and Rankings},
	Year = {2010}}

@article{YaoMela,
	Author = {Song Yao and Carl F. Mela},
	Date-Added = {2015-02-12 18:08:03 +0000},
	Date-Modified = {2015-02-12 18:08:58 +0000},
	Journal = {Marketing Science},
	Number = {3},
	Pages = {447-468},
	Title = {A Dynamic Model of Sponsored Search Advertising},
	Volume = {30},
	Year = {2011}}

@article{FowlieReguantRyan,
	Author = {Meredith Fowlie and Mar Reguant and Stephen P. Ryan},
	Date-Added = {2015-02-12 18:03:13 +0000},
	Date-Modified = {2015-02-12 18:05:50 +0000},
	Journal = {Journal of Political Economy},
	Title = {Market-Based Emissions Regulation and Industry Dynamics},
	Volume = {Forthcoming},
	Year = {2015}}

@article{BBL,
	Author = {Patrick Bajari and C. Lanier Benkard and Jonathan Levin},
	Date-Added = {2015-02-12 17:16:14 +0000},
	Date-Modified = {2015-02-12 17:40:39 +0000},
	Journal = {Econometrica},
	Month = {September},
	Number = {5},
	Pages = {1331-1370},
	Title = {Estimating Dynamic Models of Imperfect Competition},
	Volume = {75},
	Year = {2007}}

@article{SimkovicMcIntyre,
	Author = {Michael Simkovic and Frank McIntyre},
	Date-Added = {2015-02-03 18:15:48 +0000},
	Date-Modified = {2015-02-03 18:16:51 +0000},
	Journal = {The Journal of Legal Studies},
	Month = {June},
	Number = {2},
	Pages = {249-289},
	Title = {The Economic Value of a Law Degree},
	Volume = {43},
	Year = {2014}}

@article{Fillmore,
	Author = {Ian Fillmore},
	Date-Added = {2015-02-03 16:50:37 +0000},
	Date-Modified = {2015-02-03 16:51:19 +0000},
	Journal = {Mimeo},
	Title = {Price Discrimination and Public Policy in the U.S. College Market},
	Year = {2015}}

@article{JinSorenson,
	Author = {Ginger Zhe Jin and Alan Sorenson},
	Date-Added = {2015-02-02 20:58:00 +0000},
	Date-Modified = {2015-02-02 20:59:00 +0000},
	Journal = {Journal of Health Economics},
	Month = {March},
	Number = {2},
	Pages = {248-275},
	Title = {Information and Consumer Choice: The Value of Publicized Health Plan Ratings},
	Volume = {25},
	Year = {2006}}

@article{DranoveEtAl,
	Author = {David Dranove and Daniel Kessler and Mark McClellan and Mark Satterthwaite},
	Date-Added = {2015-02-02 20:24:03 +0000},
	Date-Modified = {2015-02-02 20:25:27 +0000},
	Journal = {Journal of Political Economy},
	Month = {June},
	Pages = {555-588},
	Title = {Is More Information Better? The Effects Of `Report Cards' On Health Care Providers},
	Volume = {111},
	Year = {2003}}

@article{Segal_econ,
	Author = {David Segal},
	Date-Added = {2015-01-30 22:39:28 +0000},
	Date-Modified = {2015-01-30 22:40:18 +0000},
	Journal = {New York Times},
	Month = {July},
	Title = {Law School Economics: Ka-Ching!},
	Year = {2011}}

@article{Fu,
	Author = {Chao Fu},
	Date-Added = {2015-01-16 22:14:36 +0000},
	Date-Modified = {2015-01-16 22:15:34 +0000},
	Journal = {Journal of Political Economy},
	Month = {April},
	Number = {2},
	Pages = {225-281},
	Title = {Equilibrium Tuition, Applications, Admissions, and Enrollment in the College Market},
	Volume = {122},
	Year = {2014}}

@article{EricsonPakes,
	Author = {Richard Ericson and Ariel Pakes},
	Date-Added = {2015-01-16 21:22:09 +0000},
	Date-Modified = {2015-01-16 21:24:08 +0000},
	Journal = {Review of Economic Studies},
	Month = {January},
	Number = {1},
	Pages = {53-82},
	Title = {Markov-Perfect Industry Dynamics: A Framework for Empirical Work},
	Volume = {62},
	Year = {1995}}

@article{MaskinTirole,
	Author = {Eric Maskin and Jean Tirole},
	Date-Added = {2015-01-16 21:20:45 +0000},
	Date-Modified = {2015-01-16 21:21:43 +0000},
	Journal = {Econometrica},
	Month = {May},
	Number = {3},
	Pages = {549-569},
	Title = {A Theory of Dynamic Oligopoly, I: Overview and Quantity Competition with Large Fixed Costs},
	Volume = {56},
	Year = {1988}}

@article{AmirEricksonJin,
	Author = {Rabah Amir and Philip Erickson and Jim Jin},
	Date-Added = {2015-01-09 20:59:06 +0000},
	Date-Modified = {2015-10-29 22:28:47 +0000},
	Journal = {Mimeo},
	Title = {On the microeconomic foundations of linear demand for differentiated products},
	Year = {2015}}

@article{Ryan,
	Author = {Stephen P. Ryan},
	Date-Added = {2014-12-23 19:07:17 +0000},
	Date-Modified = {2014-12-23 19:08:05 +0000},
	Journal = {Econometrica},
	Month = {May},
	Number = {3},
	Pages = {1019-1061},
	Title = {The Costs of Environmental Regulation in a Concentrated Industry},
	Volume = {80},
	Year = {2012}}

@inbook{KNITRO,
	Author = {Richard H. Byrd and Jorge Nocedal and Richard A. Waltz},
	Chapter = {Large-Scale Nonlinear Optimization},
	Date-Added = {2014-10-03 16:48:59 +0000},
	Date-Modified = {2014-10-03 17:27:41 +0000},
	Editor = {Gianni Pillo and Massimo Roma},
	Number = {IX},
	Pages = {35-59},
	Publisher = {Springer-Verlag},
	Title = {KNITRO: An Integrated Package for Nonlinear Optimization},
	Year = {2006}}

@article{RosettNelson,
	Author = {Richard N. Rosett and Forrest D. Nelson},
	Date-Added = {2014-08-28 19:44:39 +0000},
	Date-Modified = {2014-08-28 19:45:34 +0000},
	Journal = {Econometrica},
	Month = {January},
	Number = {1},
	Pages = {141-146},
	Title = {Estimation of the Two-Limit Probit Regression Model},
	Volume = {43},
	Year = {1975}}

@article{ArcHotzKang,
	Author = {Peter Arcidiacono and V. Joseph Hotz and Songman Kang},
	Date-Added = {2014-08-12 21:39:44 +0000},
	Date-Modified = {2014-08-12 21:41:41 +0000},
	Journal = {Journal of Econometrics, Elsevier},
	Number = {1},
	Pages = {3-16},
	Title = {Modeling college major choices using elicited measures of expectations and counterfactuals},
	Volume = {166},
	Year = {2012}}

@article{Manski04,
	Author = {Charles F. Manski},
	Date-Added = {2014-08-12 21:16:39 +0000},
	Date-Modified = {2014-08-12 21:31:52 +0000},
	Journal = {Econometrica},
	Month = {September},
	Number = {5},
	Pages = {1329-1376},
	Title = {Measuring Expectations},
	Volume = {72},
	Year = {2004}}

@article{DoraSatter,
	Author = {Ulrich Doraszelski and Mark Satterthwaite},
	Date-Added = {2014-08-12 21:10:07 +0000},
	Date-Modified = {2014-08-12 21:11:29 +0000},
	Journal = {The RAND Journal of Economics},
	Month = {Summer},
	Number = {2},
	Pages = {215-243},
	Title = {Computable Markov-perfect industry dynamics},
	Volume = {41},
	Year = {2010}}

@misc{NALP2011,
	Author = {NALP},
	Date-Added = {2014-07-19 06:58:50 +0000},
	Date-Modified = {2015-11-13 18:14:47 +0000},
	Howpublished = {\url{http://www.nalp.org/new_associate_sal_oct2011}},
	Lastchecked = {July 18, 2014},
	Month = {October},
	Title = {How Much Do Law Firms Pay New Associates? A 16-Year Retrospective},
	Year = {2011}}

@article{EppleRomanoSieg,
	Author = {Dennis Epple, Richard Romano, Holger Sieg},
	Date-Added = {2014-02-19 18:37:33 +0000},
	Date-Modified = {2014-02-19 18:38:36 +0000},
	Journal = {Econometrica},
	Month = {July},
	Number = {4},
	Pages = {885-928},
	Title = {Admission, Tuition, and Financial Aid Policies in the Market for Higher Education},
	Volume = {74},
	Year = {2006}}

@article{Erickson14,
	Author = {Philip J. Erickson},
	Date-Added = {2014-02-19 18:31:20 +0000},
	Date-Modified = {2014-02-19 18:32:35 +0000},
	Journal = {Mimeo},
	Title = {Information Asymmetry in Profit-generating Graduate Education Markets: A Structural Approach to Law Schools},
	Year = {2014}}

@misc{LSAC,
	Author = {LSAC},
	Date-Added = {2013-10-15 21:24:41 +0000},
	Date-Modified = {2013-10-15 21:34:07 +0000},
	Howpublished = {\url{https://officialguide.lsac.org}},
	Title = {ABA-LSAC Official Guide to ABA-Approved Law Schools},
	Year = {2013}}

@article{Pope,
	Author = {Devin G. Pope},
	Date-Added = {2013-09-25 05:47:29 +0000},
	Date-Modified = {2013-09-25 05:48:23 +0000},
	Journal = {Journal of Health Economics},
	Pages = {1154-1165},
	Title = {Reacting to rankings: Evidence from "America's Best Hospitals"},
	Volume = {28},
	Year = {2009}}

@misc{WSJoverprod,
	Author = {Jennifer Smith},
	Date-Added = {2013-09-25 03:47:40 +0000},
	Date-Modified = {2013-09-25 03:49:01 +0000},
	Howpublished = {\url{http://online.wsj.com/article/SB10001424127887323926104578276301888284108.html}},
	Lastchecked = {September 24, 2013},
	Month = {January},
	Title = {Crop of New Law Schools Opens Amid a Lawyer Glut},
	Year = {2013}}

@misc{LSTBtuition,
	Author = {Matt Leichter},
	Date-Added = {2013-09-25 03:40:19 +0000},
	Date-Modified = {2013-09-25 03:41:27 +0000},
	Howpublished = {\url{http://lawschooltuitionbubble.wordpress.com/original-research-updated/tuition-projections/}},
	Lastchecked = {September 24, 2013},
	Title = {Private Law School Tuition Projections}}

@misc{LSTBoverprod,
	Author = {Matt Leichter},
	Date-Added = {2013-09-25 03:28:14 +0000},
	Date-Modified = {2015-11-13 18:30:25 +0000},
	Howpublished = {\url{http://lawschooltuitionbubble.wordpress.com/law-graduate-overproduction-2009/}},
	Lastchecked = {September 24, 2013},
	Title = {Law Graduate Overproduction (2009)},
	Year = {2013}}

@article{GPV,
	Author = {Emmanuel Guerre and Isabelle Perrigne and Quang Vuong},
	Date-Added = {2013-03-23 07:16:51 +0000},
	Date-Modified = {2013-03-23 07:23:32 +0000},
	Journal = {Econometrica},
	Month = {May},
	Number = {3},
	Pages = {525-574},
	Title = {Optimal Nonparametric Estimation of First-price Auctions},
	Volume = {68},
	Year = {2000}}

@article{Gladwell,
	Author = {Malcom Gladwell},
	Date-Added = {2013-03-22 20:58:02 +0000},
	Date-Modified = {2013-03-22 21:00:01 +0000},
	Journal = {The New Yorker},
	Title = {The Order of Things},
	Year = {February 14, 2011}}

@article{USNews,
	Author = {USNews},
	Date-Added = {2013-03-22 19:37:19 +0000},
	Date-Modified = {2015-11-13 18:35:20 +0000},
	Journal = {U.S. News and World Report},
	Title = {Best Law Schools},
	Year = {2016}}

@article{PesSchmidtDeng,
	Author = {Martin Pesendorfer and Philipp Schmidt-Dengler},
	Date-Added = {2012-12-05 05:34:14 +0000},
	Date-Modified = {2012-12-05 05:35:55 +0000},
	Journal = {The Review of Economic Studies},
	Month = {July},
	Number = {3},
	Pages = {901-928},
	Title = {Asymptotic Least Squares Estimators for Dynamic Games},
	Volume = {75},
	Year = {2009}}

@article{Mailath,
	Author = {George J. Mailath and Masahiro Okuno-Fujiwara and Andrew Postlewaite},
	Date-Added = {2012-09-21 20:36:50 +0000},
	Date-Modified = {2012-09-21 20:44:57 +0000},
	Journal = {Journal of Economic Theory},
	Month = {August},
	Number = {2},
	Pages = {241-276},
	Title = {Belief-Based Refinements in Signalling Games},
	Volume = {60},
	Year = {1993}}

@article{ChoKreps,
	Author = {In-Koo Cho and David M. Kreps},
	Date-Added = {2012-09-20 19:11:24 +0000},
	Date-Modified = {2012-09-20 19:12:10 +0000},
	Journal = {The Quarterly Journal of Economics},
	Number = {2},
	Pages = {179-221},
	Title = {Signaling Games and Stable Equilibria},
	Volume = {102},
	Year = {1987}}

@article{RothschildStiglitz,
	Author = {Michael Rothschild and Joseph Stiglitz},
	Date-Added = {2012-09-18 19:56:14 +0000},
	Date-Modified = {2012-09-18 19:58:07 +0000},
	Journal = {The Quarterly Journal of Economics},
	Month = {November},
	Number = {4},
	Pages = {629-649},
	Title = {Equilibrium in Competitive Insurance Markets: An Essay on the Economics of Imperfect Information},
	Volume = {90},
	Year = {1976}}

@article{NCBE,
	Author = {NCBE},
	Date-Added = {2012-09-10 21:16:21 +0000},
	Date-Modified = {2015-11-13 18:38:11 +0000},
	Howpublished = {\url{http://www.ncbex.org/bar-admissions/bar-examination-and-admission-statistics/}},
	Journal = {National Conference of Bar Examiners: Publicatinos and Research: Statistics},
	Month = {September},
	Title = {Bar Examination and Admission Statistics},
	Year = {2012}}

@article{BajariHong,
	Author = {Patrick Bajari and Han Hong},
	Date-Added = {2012-07-17 05:05:31 +0000},
	Date-Modified = {2012-07-17 05:06:47 +0000},
	Journal = {NBER Working Paper},
	Title = {Semiparametric Estimation of a Dynamic Game of Incomplete Information},
	Year = {2006}}

@article{Topkis,
	Author = {Donald M. Topkis},
	Date-Added = {2012-07-11 06:02:03 +0000},
	Date-Modified = {2012-07-11 06:02:52 +0000},
	Journal = {Operations Research},
	Month = {March-April},
	Number = {2},
	Pages = {305-321},
	Title = {Minimizing a Submodular Function on a Lattice},
	Volume = {26},
	Year = {1978}}

@article{Amir,
	Author = {Rabah Amir},
	Date-Added = {2012-07-11 05:12:14 +0000},
	Date-Modified = {2012-07-11 05:12:54 +0000},
	Journal = {Southern Economic Journal},
	Month = {January},
	Number = {3},
	Pages = {636-660},
	Title = {Supermodularity and Complementarity in Economics: An Elementary Survey},
	Volume = {71},
	Year = {2005}}

@article{Barisaac,
	Author = {Heski Bar-Isaac},
	Date-Added = {2012-07-10 23:31:19 +0000},
	Date-Modified = {2012-07-10 23:32:29 +0000},
	Journal = {Review of Economic Studies},
	Month = {April},
	Number = {2},
	Pages = {231-251},
	Title = {Reputation and Survival: Learning in a Dynamic Signalling Model},
	Volume = {70},
	Year = {2003}}

@book{Chamberlin,
	Address = {Cambridge, Massachusetts},
	Author = {Edward Chamberlin},
	Date-Added = {2012-07-07 23:20:12 +0000},
	Date-Modified = {2012-07-07 23:21:12 +0000},
	Publisher = {Harvard University Press},
	Title = {The Theory of Monopolistic Competition},
	Year = {1933}}

@article{Hart,
	Author = {Oliver D. Hart},
	Date-Added = {2012-07-07 23:15:00 +0000},
	Date-Modified = {2012-07-07 23:16:31 +0000},
	Journal = {The Review of Economic Studies},
	Month = {October},
	Number = {4},
	Pages = {529-546},
	Title = {Monopolistic Competition in the Spirit of Chamberlin: A General Model},
	Volume = {52},
	Year = {1985}}

@misc{ABAval,
	Author = {ABA Commission on the Impact of the Economic Crises on the Profession and Legal Needs},
	Date-Added = {2012-06-18 18:19:20 +0000},
	Date-Modified = {2012-06-18 18:20:10 +0000},
	Howpublished = {\url{http://www.americanbar.org/content/dam/aba/migrated/lsd/legaled/value.authcheckdam.pdf}},
	Month = {November},
	Title = {The Value Proposition of Attending Law School},
	Year = {2009}}

@article{Sonmez,
	Author = {Tayfun S{\"o}nmez},
	Date-Added = {2012-06-17 01:50:37 +0000},
	Date-Modified = {2012-06-17 01:54:10 +0000},
	Journal = {Journal of Economic Theory},
	Month = {November},
	Number = {1},
	Pages = {197-204},
	Title = {Manipulation via Capacities in Two-Sided Matching Markets},
	Volume = {77},
	Year = {1997}}

@article{Spence73,
	Author = {Michael Spence},
	Date-Added = {2012-06-16 19:50:01 +0000},
	Date-Modified = {2012-06-16 19:50:47 +0000},
	Journal = {The Quarterly Journal of Economics},
	Month = {August},
	Number = {3},
	Pages = {355-374},
	Title = {Job Market Signaling},
	Volume = {87},
	Year = {1973}}

@article{MilgromRoberts86,
	Author = {Paul Milgrom and John Roberts},
	Date-Added = {2012-06-16 19:44:41 +0000},
	Date-Modified = {2012-06-16 19:46:44 +0000},
	Journal = {Journal of Political Economy},
	Month = {August},
	Number = {4},
	Pages = {796-821},
	Title = {Price and Advertising Signals of Product Quality},
	Volume = {94},
	Year = {1986}}

@article{Wolinsky,
	Author = {Asher Wolinsky},
	Date-Added = {2012-06-16 19:43:19 +0000},
	Date-Modified = {2012-06-16 19:44:20 +0000},
	Journal = {The Review of Economic Studies},
	Month = {October},
	Number = {4},
	Pages = {647-658},
	Title = {Prices as Signals of Product Quality},
	Volume = {50},
	Year = {1983}}

@article{Becker,
	Author = {Gary S. Becker},
	Date-Added = {2012-06-13 18:45:05 +0000},
	Date-Modified = {2012-06-13 18:46:06 +0000},
	Journal = {Journal of Political Economy},
	Month = {October},
	Number = {5},
	Pages = {9-49},
	Title = {Investment in Human Capital: A Theoretical Analysis},
	Volume = {70},
	Year = {1962}}

@book{Smith,
	Address = {New York},
	Author = {Adam Smith},
	Date-Added = {2012-06-07 21:04:40 +0000},
	Date-Modified = {2012-06-07 21:05:55 +0000},
	Publisher = {Modern Library},
	Title = {The Wealth of Nations},
	Year = {1937}}

@article{Rosen,
	Author = {Sherwin Rosen},
	Date-Added = {2012-06-07 20:54:25 +0000},
	Date-Modified = {2012-06-07 20:55:21 +0000},
	Journal = {Journal of Law and Economics},
	Number = {2},
	Pages = {215-246},
	Title = {The Market for Lawyers},
	Volume = {35},
	Year = {1992}}

@book{StokeyLucas,
	Address = {Cambridge, Massachusetts and London, England},
	Author = {Nancy L. Stokey and Robert E. Lucas Jr. with Edward C. Prescott},
	Date-Added = {2012-06-06 16:35:34 +0000},
	Date-Modified = {2012-06-16 19:47:03 +0000},
	Publisher = {Harvard University Press},
	Title = {Recursive Methods in Economic Dynamics},
	Year = {1989}}

@article{Segal,
	Author = {David Segal},
	Date-Added = {2012-06-06 16:32:03 +0000},
	Date-Modified = {2012-06-06 16:33:41 +0000},
	Journal = {New York Times},
	Month = {January},
	Title = {Is Law School A Losing Game?},
	Year = {2011}}

@article{Ruud,
	Author = {Millard H. Ruud},
	Date-Added = {2012-06-06 16:28:35 +0000},
	Date-Modified = {2012-06-06 16:31:55 +0000},
	Journal = {ABA Journal},
	Month = {February},
	Pages = {182-184},
	Title = {That Burgeoning Law School Enrollment is Portia},
	Volume = {60},
	Year = {1974}}

@article{Ramsay,
	Author = {Ian Ramsay},
	Date-Added = {2012-06-06 16:26:32 +0000},
	Date-Modified = {2012-06-06 16:27:40 +0000},
	Journal = {International Journal of the Sociology of Law},
	Number = {4},
	Title = {What do Lawyers Do? Reflections on the Market for Lawyers},
	Volume = {21},
	Year = {1993}}

@misc{nalpSalaries,
	Author = {NALP},
	Date-Added = {2012-06-06 16:23:58 +0000},
	Date-Modified = {2015-11-13 18:15:36 +0000},
	Howpublished = {\url{http://www.nalp.org/starting_salaries_-_what_new_law_graduates_earn_-_class_of_2010}},
	Lastchecked = {2012},
	Month = {November},
	Title = {Starting Salaries - What New Law Graduates Earn - Class of 2010},
	Year = {2011},
	Bdsk-Url-1 = {http://www.nalp.org/starting_salaries_-_what_new_law_graduates_earn_-_class_of_2010}}

@unpublished{Magee,
	Author = {Stephen P. Magee},
	Date-Added = {2012-06-06 16:21:16 +0000},
	Date-Modified = {2012-06-06 16:35:23 +0000},
	Month = {Feb.},
	Note = {Working Paper, Univeristy of Texas Department of Finance},
	Title = {The Optimum Number of Lawyers: Cross-national Evidence},
	Year = {1992}}

@article{Hunter,
	Author = {Lawson A.W. Hunter},
	Date-Added = {2012-06-06 16:16:51 +0000},
	Date-Modified = {2012-06-06 16:18:30 +0000},
	Journal = {Can.-U.S. Law Journal},
	Number = {199},
	Title = {Are There Too Many Lawyers? -- The Governments' View},
	Volume = {6},
	Year = {1983}}

@unpublished{Hickman,
	Author = {Brent Hickman},
	Date-Added = {2012-06-06 16:16:07 +0000},
	Date-Modified = {2012-06-06 16:34:31 +0000},
	Note = {Unpublished manuscript},
	Title = {Effort, Race Gaps and Affirmative Action: A Game-Theoretic Analysis of College Admissions},
	Year = {2009}}

@article{henderson,
	Author = {William D. Henderson and Rachel M. Zahorsky},
	Date-Added = {2012-06-06 16:14:54 +0000},
	Date-Modified = {2012-06-06 16:15:55 +0000},
	Journal = {ABA Journal},
	Month = {January},
	Title = {The Law School Bubble: How Long Will It Last if Law Grads Can't Pay Bills?},
	Year = {2012}}

@article{HauThum,
	Author = {Harald Hau and Marcel Thum},
	Date-Added = {2012-06-06 16:13:22 +0000},
	Date-Modified = {2012-06-06 16:14:42 +0000},
	Journal = {European Journal of Law and Economics},
	Number = {3},
	Pages = {231-254},
	Title = {Lawyers, Legislation and Social Welfare},
	Volume = {9},
	Year = {2000}}

@misc{ILRG,
	Author = {Internet Legal Research Group},
	Date-Added = {2012-06-06 16:11:53 +0000},
	Date-Modified = {2012-06-18 18:09:49 +0000},
	Howpublished = {\url{http://www.ilrg.com/rankings/law/index.php/1/asc/Accept}},
	Lastchecked = {December 2011},
	Title = {2009 Raw Data Law School Rankings: Acceptance Rate},
	Bdsk-Url-1 = {http://www.ilrg.com/rankings/law/index.php/1/asc/Accept}}

@article{Garrison,
	Author = {Lloyd K. Garrison},
	Date-Added = {2012-06-06 16:08:54 +0000},
	Date-Modified = {2012-06-06 16:11:38 +0000},
	Journal = {Dickenson Law Review},
	Month = {October-May},
	Number = {179},
	Title = {Is the Bar Overcrowded},
	Volume = {40},
	Year = {1935-1936}}

@article{galeshapley,
	Author = {D. Gale and L. S. Shapley},
	Date-Added = {2012-06-06 16:07:01 +0000},
	Date-Modified = {2012-06-06 16:08:33 +0000},
	Journal = {The American Mathematical Monthly},
	Month = {January},
	Number = {1},
	Pages = {9-15},
	Title = {College Admissions and the Stability of Marriage},
	Volume = {69},
	Year = {1962}}

@article{Epp,
	Author = {Charles R. Epp},
	Date-Added = {2012-06-06 16:05:22 +0000},
	Date-Modified = {2012-06-06 16:59:37 +0000},
	Journal = {Law and Social Inquiry},
	Month = {Autumn},
	Number = {4},
	Pages = {585-623},
	Title = {Do Lawyers Impair Economic Growth?},
	Volume = {17},
	Year = {1992}}

@misc{EMSI,
	Author = {EMSI},
	Date-Added = {2012-06-06 16:03:40 +0000},
	Date-Modified = {2015-11-13 18:17:50 +0000},
	Howpublished = {\url{http://www.economicmodeling.com/2011/06/22/new-lawyers-glutting-the-market-in-all-but-3-states/}},
	Lastchecked = {December 2011},
	Month = {June},
	Title = {Data Spotlight: New Lawyers Glutting the Market (Updated)},
	Year = {2011},
	Bdsk-Url-1 = {http://www.economicmodeling.com/2011/06/22/new-lawyers-glutting-the-market-in-all-but-3-states/}}

@article{Cross,
	Author = {Frank B. Cross},
	Date-Added = {2012-06-06 16:01:26 +0000},
	Date-Modified = {2012-06-06 16:03:17 +0000},
	Journal = {Texas Law Review},
	Number = {645},
	Title = {The First Thing We Do, Let's Kill All the Economists: An Empirical Evaluation of the Effect of Lawyers on the United States Economy and Political System},
	Volume = {70},
	Year = {1992}}

@book{Cournot,
	Address = {Paris},
	Author = {Antoine Augustin Cournot},
	Date-Added = {2012-06-06 15:59:29 +0000},
	Date-Modified = {2012-06-06 16:01:13 +0000},
	Publisher = {Hachette},
	Title = {Recherches sur les Principes Mathematics de la Theorie de la Richesse},
	Year = {1838}}

@unpublished{AzevedoLeshno,
	Author = {Eduardo M. Azevedo and Jacob D. Leshno},
	Date-Added = {2012-06-06 15:56:52 +0000},
	Date-Modified = {2012-06-06 16:34:59 +0000},
	Note = {Unpublished manuscript},
	Title = {The College Admissions Problem With a Continuum of Students},
	Year = {2011},
	Bdsk-File-1 = {YnBsaXN0MDDUAQIDBAUGJCVYJHZlcnNpb25YJG9iamVjdHNZJGFyY2hpdmVyVCR0b3ASAAGGoKgHCBMUFRYaIVUkbnVsbNMJCgsMDxJXTlMua2V5c1pOUy5vYmplY3RzViRjbGFzc6INDoACgAOiEBGABIAFgAdccmVsYXRpdmVQYXRoWWFsaWFzRGF0YV8QMy4uLy4uLy4uL01hdGNoaW5nIE1vZGVscy9UaGVvcnkvQXpldmVkb0xlc2hubzExLnBkZtIXCxgZV05TLmRhdGFPEQHqAAAAAAHqAAIAAAxNYWNpbnRvc2ggSEQAAAAAAAAAAAAAAAAAAADQiUfqSCsAAAAVszcTQXpldmVkb0xlc2hubzExLnBkZgAAAAAAAAAAAAAAAAAAAAAAAAAAAAAAAAAAAAAAAAAAAAAAAAAAAAAAAAAAABdzocsFMvQAAAAAAAAAAAADAAMAAAkgAAAAAAAAAAAAAAAAAAAABlRoZW9yeQAQAAgAANCJnEoAAAARAAgAAMsFh1QAAAABABgAFbM3ABWyhQAVseYAFbA5AAk/DAACk9MAAgBjTWFjaW50b3NoIEhEOlVzZXJzOgBwaGlsaXBlcmlja3NvbjoARHJvcGJveDoAUmVzZWFyY2g6AE1hdGNoaW5nIE1vZGVsczoAVGhlb3J5OgBBemV2ZWRvTGVzaG5vMTEucGRmAAAOACgAEwBBAHoAZQB2AGUAZABvAEwAZQBzAGgAbgBvADEAMQAuAHAAZABmAA8AGgAMAE0AYQBjAGkAbgB0AG8AcwBoACAASABEABIAUFVzZXJzL3BoaWxpcGVyaWNrc29uL0Ryb3Bib3gvUmVzZWFyY2gvTWF0Y2hpbmcgTW9kZWxzL1RoZW9yeS9BemV2ZWRvTGVzaG5vMTEucGRmABMAAS8AABUAAgAV//8AAIAG0hscHR5aJGNsYXNzbmFtZVgkY2xhc3Nlc11OU011dGFibGVEYXRhox0fIFZOU0RhdGFYTlNPYmplY3TSGxwiI1xOU0RpY3Rpb25hcnmiIiBfEA9OU0tleWVkQXJjaGl2ZXLRJidUcm9vdIABAAgAEQAaACMALQAyADcAQABGAE0AVQBgAGcAagBsAG4AcQBzAHUAdwCEAI4AxADJANECvwLBAsYC0QLaAugC7ALzAvwDAQMOAxEDIwMmAysAAAAAAAACAQAAAAAAAAAoAAAAAAAAAAAAAAAAAAADLQ==}}

@article{Azevedo,
	Author = {Eduardo M. Azevedo},
	Date-Added = {2012-06-06 15:52:55 +0000},
	Date-Modified = {2015-01-16 21:40:39 +0000},
	Journal = {Games and Economic Behavior},
	Month = {January},
	Pages = {207-223},
	Title = {Imperfect Competition in Two-Sided Matching Markets},
	Volume = {83},
	Year = {2014},
	Bdsk-File-1 = {YnBsaXN0MDDUAQIDBAUGJCVYJHZlcnNpb25YJG9iamVjdHNZJGFyY2hpdmVyVCR0b3ASAAGGoKgHCBMUFRYaIVUkbnVsbNMJCgsMDxJXTlMua2V5c1pOUy5vYmplY3RzViRjbGFzc6INDoACgAOiEBGABIAFgAdccmVsYXRpdmVQYXRoWWFsaWFzRGF0YV8QLS4uLy4uLy4uL01hdGNoaW5nIE1vZGVscy9UaGVvcnkvQXpldmVkbzExLnBkZtIXCxgZV05TLmRhdGFPEQHSAAAAAAHSAAIAAAxNYWNpbnRvc2ggSEQAAAAAAAAAAAAAAAAAAADQiUfqSCsAAAAVszcNQXpldmVkbzExLnBkZgAAAAAAAAAAAAAAAAAAAAAAAAAAAAAAAAAAAAAAAAAAAAAAAAAAAAAAAAAAAAAAAAAAABdotMtqmbgAAAAAAAAAAAADAAMAAAkgAAAAAAAAAAAAAAAAAAAABlRoZW9yeQAQAAgAANCJnEoAAAARAAgAAMtq7hgAAAABABgAFbM3ABWyhQAVseYAFbA5AAk/DAACk9MAAgBdTWFjaW50b3NoIEhEOlVzZXJzOgBwaGlsaXBlcmlja3NvbjoARHJvcGJveDoAUmVzZWFyY2g6AE1hdGNoaW5nIE1vZGVsczoAVGhlb3J5OgBBemV2ZWRvMTEucGRmAAAOABwADQBBAHoAZQB2AGUAZABvADEAMQAuAHAAZABmAA8AGgAMAE0AYQBjAGkAbgB0AG8AcwBoACAASABEABIASlVzZXJzL3BoaWxpcGVyaWNrc29uL0Ryb3Bib3gvUmVzZWFyY2gvTWF0Y2hpbmcgTW9kZWxzL1RoZW9yeS9BemV2ZWRvMTEucGRmABMAAS8AABUAAgAV//8AAIAG0hscHR5aJGNsYXNzbmFtZVgkY2xhc3Nlc11OU011dGFibGVEYXRhox0fIFZOU0RhdGFYTlNPYmplY3TSGxwiI1xOU0RpY3Rpb25hcnmiIiBfEA9OU0tleWVkQXJjaGl2ZXLRJidUcm9vdIABAAgAEQAaACMALQAyADcAQABGAE0AVQBgAGcAagBsAG4AcQBzAHUAdwCEAI4AvgDDAMsCoQKjAqgCswK8AsoCzgLVAt4C4wLwAvMDBQMIAw0AAAAAAAACAQAAAAAAAAAoAAAAAAAAAAAAAAAAAAADDw==}}

@article{Arcidiacono,
	Author = {Peter Arcidiacono and Esteban M. Aucejo and Hanming Fang and Kenneth I. Spenner},
	Date-Added = {2012-06-06 15:47:58 +0000},
	Date-Modified = {2012-06-06 16:56:02 +0000},
	Journal = {Quantitative Economics},
	Pages = {303-333},
	Title = {Does affirmative action lead to mismatch? A new test and evidence},
	Volume = {2},
	Year = {2011},
	Bdsk-File-1 = {YnBsaXN0MDDUAQIDBAUGJCVYJHZlcnNpb25YJG9iamVjdHNZJGFyY2hpdmVyVCR0b3ASAAGGoKgHCBMUFRYaIVUkbnVsbNMJCgsMDxJXTlMua2V5c1pOUy5vYmplY3RzViRjbGFzc6INDoACgAOiEBGABIAFgAdccmVsYXRpdmVQYXRoWWFsaWFzRGF0YV8QMC4uLy4uL1NvdXJjZXMvQXJjaWRpYWNvbm9BdWNlam9GYW5nU3Blbm5lcjExLnBkZtIXCxgZV05TLmRhdGFPEQIiAAAAAAIiAAIAAAxNYWNpbnRvc2ggSEQAAAAAAAAAAAAAAAAAAADQiUfqSCsAAAAVswIfQXJjaWRpYWNvbm9BdWNlam9GYW4jMTYzNDQ0LnBkZgAAAAAAAAAAAAAAAAAAAAAAAAAAAAAAAAAAAAAAAAAAABY0RMvCD/AAAAAAAAAAAAACAAIAAAkgAAAAAAAAAAAAAAAAAAAAB1NvdXJjZXMAABAACAAA0ImcSgAAABEACAAAy8JWQAAAAAEAGAAVswIAFbJjABWx5gAVsDkACT8MAAKT0wACAG5NYWNpbnRvc2ggSEQ6VXNlcnM6AHBoaWxpcGVyaWNrc29uOgBEcm9wYm94OgBSZXNlYXJjaDoATGF3UmVjcnVpdGluZzoAU291cmNlczoAQXJjaWRpYWNvbm9BdWNlam9GYW4jMTYzNDQ0LnBkZgAOAEYAIgBBAHIAYwBpAGQAaQBhAGMAbwBuAG8AQQB1AGMAZQBqAG8ARgBhAG4AZwBTAHAAZQBuAG4AZQByADEAMQAuAHAAZABmAA8AGgAMAE0AYQBjAGkAbgB0AG8AcwBoACAASABEABIAXlVzZXJzL3BoaWxpcGVyaWNrc29uL0Ryb3Bib3gvUmVzZWFyY2gvTGF3UmVjcnVpdGluZy9Tb3VyY2VzL0FyY2lkaWFjb25vQXVjZWpvRmFuZ1NwZW5uZXIxMS5wZGYAEwABLwAAFQACABX//wAAgAbSGxwdHlokY2xhc3NuYW1lWCRjbGFzc2VzXU5TTXV0YWJsZURhdGGjHR8gVk5TRGF0YVhOU09iamVjdNIbHCIjXE5TRGljdGlvbmFyeaIiIF8QD05TS2V5ZWRBcmNoaXZlctEmJ1Ryb290gAEACAARABoAIwAtADIANwBAAEYATQBVAGAAZwBqAGwAbgBxAHMAdQB3AIQAjgDBAMYAzgL0AvYC+wMGAw8DHQMhAygDMQM2A0MDRgNYA1sDYAAAAAAAAAIBAAAAAAAAACgAAAAAAAAAAAAAAAAAAANi}}

@misc{AALS,
	Date-Added = {2012-06-06 15:47:02 +0000},
	Date-Modified = {2012-06-18 18:09:00 +0000},
	Howpublished = {\url{http://www.aals.org/}},
	Lastchecked = {2012},
	Title = {Association of American Law Schools},
	Bdsk-Url-1 = {http://www.aals.org/}}

@misc{ABA2,
	Author = {American Bar Association},
	Date-Added = {2012-06-06 15:44:06 +0000},
	Date-Modified = {2012-06-18 18:09:32 +0000},
	Howpublished = {\url{http://www.americanbar.org/groups/legal_education/resources/ aba_approved_law_schools/in_alphabetical_order.html}},
	Lastchecked = {2012},
	Title = {ABA-Approved Law Schools},
	Bdsk-Url-1 = {http://www.americanbar.org/groups/legal_education/resources/%20aba_approved_law_schools/in_alphabetical_order.html}}

@misc{ABA,
	Author = {ABA},
	Date-Added = {2012-06-06 15:41:51 +0000},
	Date-Modified = {2015-11-13 18:11:59 +0000},
	Howpublished = {\url{http://www.americanbar.org/aba.html}},
	Lastchecked = {2012},
	Title = {American Bar Association},
	Year = {2015},
	Bdsk-Url-1 = {http://www.americanbar.org/aba.html}}

@unpublished{Abdul,
	Author = {Atila Abdulkadiroglu and Yeon-Koo Che and Yosuke Yasuda},
	Date-Added = {2012-06-06 15:38:14 +0000},
	Date-Modified = {2012-06-06 16:34:45 +0000},
	Note = {Unpublished manuscript},
	Title = {Expanding "Choice" in School Choice},
	Year = {2008}}
